<?xml version="1.0" encoding="UTF-8"?><record xmlns="http://www.loc.gov/MARC21/slim" xmlns:cinclude="http://apache.org/cocoon/include/1.0" xmlns:zs="http://www.loc.gov/zing/srw/">
  <leader>00598nz  a2200133n  4500</leader>
  <controlfield tag="001">no2012023698</controlfield>
  <controlfield tag="003">DLC</controlfield>
  <controlfield tag="005">20120219075032.0</controlfield>
  <controlfield tag="008">120217n| acannaabn          |n aaa     c</controlfield>
  <datafield tag="010" ind1=" " ind2=" ">
    <subfield code="a">no2012023698</subfield>
  </datafield>
  <datafield tag="035" ind1=" " ind2=" ">
    <subfield code="a">(OCoLC)oca09119428</subfield>
  </datafield>
  <datafield tag="040" ind1=" " ind2=" ">
    <subfield code="a">PSt</subfield>
    <subfield code="b">eng</subfield>
    <subfield code="c">PSt</subfield>
  </datafield>
  <datafield tag="100" ind1="1" ind2=" ">
    <subfield code="a">Manara, Christine</subfield>
  </datafield>
  <datafield tag="670" ind1=" " ind2=" ">
    <subfield code="a">Bringing literature and linguistics into EFL classrooms, 2011:</subfield>
    <subfield code="b">t.p. (Christine Manara, coeditor) jkt. (English language teacher in Indonesia for 10 yrs.; M.A. in English Language Teaching, IELE, Assumption Univ., Bangkok; currently working on Ph.D. diss. on teacher education at Monash Univ., Australia)</subfield>
  </datafield>
</record>